<?xml version="1.0" encoding="UTF-8"?><record xmlns="http://www.loc.gov/MARC21/slim" xmlns:cinclude="http://apache.org/cocoon/include/1.0" xmlns:zs="http://www.loc.gov/zing/srw/">
  <leader>00631nz  a2200145n  4500</leader>
  <controlfield tag="001">no2002055411</controlfield>
  <controlfield tag="003">DLC</controlfield>
  <controlfield tag="005">20020626055039.0</controlfield>
  <controlfield tag="008">020625n| acannaabn          |a ana     c</controlfield>
  <datafield tag="010" ind1=" " ind2=" ">
    <subfield code="a">no2002055411</subfield>
  </datafield>
  <datafield tag="035" ind1=" " ind2=" ">
    <subfield code="a">(OCoLC)oca05795447</subfield>
  </datafield>
  <datafield tag="040" ind1=" " ind2=" ">
    <subfield code="a">DJBF</subfield>
    <subfield code="b">eng</subfield>
    <subfield code="c">DJBF</subfield>
  </datafield>
  <datafield tag="110" ind1="2" ind2="0">
    <subfield code="a">World Bank.</subfield>
    <subfield code="b">Colombia, Mexico, and Venezuela Country Management Unit</subfield>
  </datafield>
  <datafield tag="410" ind1="2" ind2="0">
    <subfield code="a">World Bank.</subfield>
    <subfield code="b">Latin America and the Caribbean Regional Office.</subfield>
    <subfield code="b">Colombia, Mexico, and Venezuela Country Management Unit</subfield>
  </datafield>
  <datafield tag="670" ind1=" " ind2=" ">
    <subfield code="a">Money demand in Venezuela, 2002:</subfield>
    <subfield code="b">cover (World Bank, Latin America and the Caribbean Region, Colombia, Mexico, and Venezuela Country Management Unit)</subfield>
  </datafield>
</record>